@INPROCEEDINGS{choi_cnn,
 author = "Keunwoo Choi and George Fazekas and Mark Sandler",
 title = {\href{http://tex.stackexchange.com/questions/100782/add-a-hyperlink-in-bibtex}{Automatic tagging using deep convolutional neural networks}},
booktitle = {International Society of Music Information
Retrieval Conference. ISMIR},
year = {2016},
keywords = "proceedings"
} 

@INPROCEEDINGS{MSD,
    author = {Thierry Bertin-mahieux and Daniel P. W. Ellis and Brian Whitman and Paul Lamere},
    title = {\href{http://ismir2011.ismir.net/papers/OS6-1.pdf}{The million song dataset}},
    booktitle = {In Proceedings of the 12th International Conference on Music Information Retrieval (ISMIR},
    year = {2011},
    keywords="proceedings",
}

@inproceedings{MultiScale,
  title={\href{https://www.semanticscholar.org/paper/Multiscale-Approaches-To-Music-Audio-Feature-Dieleman-Schrauwen/8c030a736512456e9fd8d53763cbfcac0c014ab3}{Multiscale Approaches To Music Audio Feature Learning}},
  author={Sander Dieleman and Benjamin Schrauwen},
  booktitle={ISMIR},
  year={2013}
}
@article{combining,
title = "Combining content-based and collaborative recommendations: A hybrid approach based on Bayesian networks",
journal = "International Journal of Approximate Reasoning",
volume = "51",
number = "7",
pages = "785 - 799",
year = "2010",
note = "",
issn = "0888-613X",
doi = "http://dx.doi.org/10.1016/j.ijar.2010.04.001",
url = "http://www.sciencedirect.com/science/article/pii/S0888613X10000460",
author = "Luis M. de Campos and Juan M. Fernández-Luna and Juan F. Huete and Miguel A. Rueda-Morales",
keywords = "Content-based filtering",
keywords = "Collaborative filtering",
keywords = "Hybrid recommender systems",
keywords = "Bayesian networks",
keywords = "MovieLens",
keywords = "IMDB"
}

@ARTICLE{MTT,
title = {\href{https://experts.illinois.edu/en/publications/evaluation-of-algorithms-using-games-the-case-of-music-tagging}{Evaluation of algorithms using games: The case of music tagging}},
author = "Edith Law and Kris West and Michael Mandel and Mert Bay and {Stephen Downie}, J.",
year = "2009",
isbn = "9780981353708",
pages = "387--392",
booktitle = "Proceedings of the 10th International Society for Music Information Retrieval Conference, ISMIR 2009",
keywords="article"
}

@article{DC,
    author =       "Aaron Van den Oord and Sander Dieleman  and Benjamin Schrauwen",
    title =        {\href{https://papers.nips.cc/paper/5004-deep-content-based-music-recommendation}{Deep content-based music recommendation}},
    journal =      "Advances in Neural Information Processing
System",
    pages =        "2643–2651",
    year =         "2013",
    keywords =     "article"
}

@ARTICLE{DC1, 
author={M. Slaney}, 
journal={IEEE MultiMedia}, 
title={\href{http://ieeexplore.ieee.org/document/5754643/}{Web-Scale Multimedia Analysis: Does Content Matter?}}, 
year={2011}, 
volume={18}, 
number={2}, 
pages={12-15}, 
keywords={article}, 
doi={10.1109/MMUL.2011.34}, 
ISSN={1070-986X}, 
month={Feb},}

@ARTICLE{NoAccountingForTaste, 
author="Patrik N. Juslin and Laura S. Sakka and Gonçalo T. Barradas and Simon Liljeström", 
journal={Psychology of Aesthetics, Creativity, and the Arts}, 
title={\href{https://www.researchgate.net/publication/294277163_No_Accounting_for_Taste_Idiographic_Models_of_Aesthetic_Judgment_in_Music}{No Accounting for Taste? Idiographic Models of Aesthetic Judgmentin Music}}, 
year={2016}, 
volume={10}, 
number={2}, 
pages={157-170}, 
keywords={article}, 
doi={10.1037/aca0000034},  
}

@ARTICLE{Yann,
author="Humphrey Eric J. and Bello, Juan P. and LeCun Yann",
title={\href{https://link.springer.com/article/10.1007/s10844-013-0248-5}{Feature learning and deep architectures: new directions for music informatics}},
journal={Journal of Intelligent Information Systems},
year={2013},
volume={41},
number={3},
pages={461--481},
issn={1573-7675},
doi={10.1007/s10844-013-0248-5},
}

@ARTICLE{mel,
author={S. K. Kopparapu and M. Laxminarayana},
booktitle={10th International Conference on Information Science, Signal Processing and their Applications (ISSPA 2010)},
title={Choice of Mel filter bank in computing MFCC of a resampled speech},
year={2010},
pages={121-124},
keywords={filtering theory;speech recognition;MFCC;Mel filter bank;Mel frequency cepstral coefficients;resampled speech;speaker recognition applications;speech recognition applications;Discrete cosine transforms;Filter bank;HTML;Mel frequency cepstral coefficient;Speech;MFCC;Time scale modification;time compression;time expansion},
doi={10.1109/ISSPA.2010.5605491},
month={May},}

@ONLINE{choi_crnn,
author = "Keunwoo Choi and Gyorgy Fazekas and Mark Sandler and Kyunghyun Cho",
eprinttype = {arxiv}, 
eprint = {1609.04243},
date         = {2016-12-21},
version      = 3, 
title = {\href{https://arxiv.org/pdf/1609.04243.pdf}{ Convolutional Recurrent Neural Networks for Music Classification}}, 
year = {2016}, 
keywords = "preprint",}
 
@BOOK{allen,
  title={Signal Analysis: Time, Frequency, Scale, and Structure},
  author={Allen, R.L. and Mills, D.},
  isbn={9780471660361},
  year={2004},
  publisher={Wiley}
}
@misc{specLeak,
    author = "{Lecture  Notes}",
    title = {Spectral Leakage and Windowing},
    howpublished = {\url{https://mil.ufl.edu/nechyba/www/__eel3135.s2003/lectures/lecture19/spectral_leakage.pdf}},
    note = {Online; accessed 20 March 2017} ,
}

@BOOK{speech,
  title={Speech communication: human and machine},
  author={O'Shaughnessy, D.},
  isbn={9780201165203},
  series={Addison-Wesley series in electrical engineering},
  year={1987},
  publisher={Addison-Wesley Pub. Co.}
}
@ARTICLE{MusicTherapy,
	author = {Giorgos Tsiris},
	title = {Aesthetic Experience and Transformation in Music Therapy: A Critical Essay},
	journal = {Voices: A World Forum for Music Therapy},
	volume = {8},
	number = {3},
	year = {2008},
	keywords = {},
	url = {https://voices.no/index.php/voices/article/view/416}
}
@ARTICLE{survey1, 
author={M. Muller and D. P. W. Ellis and A. Klapuri and G. Richard}, 
journal={IEEE Journal of Selected Topics in Signal Processing}, 
title={Signal Processing for Music Analysis}, 
year={2011}, 
volume={5}, 
number={6}, 
pages={1088-1110}, 
keywords={audio signal processing;music;source separation;harmony;melody;music analysis;music audio signal processing techniques;rhythm;timbre;Harmonic analysis;Instruments;Multiple signal classification;Music;Spectrogram;Time frequency analysis;Beat;digital signal processing;harmony;melody;music analysis;music information retrieval;music signals;pitch;rhythm;source separation;timbre;voice separation}, 
doi={10.1109/JSTSP.2011.2112333}, 
ISSN={1932-4553}, 
month={Oct},}


@MISC{survey2,
    author = {Michael A. Casey and Remco Veltkamp and Masataka Goto and Marc Leman and Christophe Rhodes and Malcolm Slaney},
    title = {Content-Based Music Information Retrieval: Current Directions and Future Challenges},
    year = {2008}
}
@MISC{survey3,
    author = {Jean-julien Aucouturier and Francois Pachet},
    title = {Music Similarity Measures: What's The Use ?},
    year = {2002}
}
@Article{feature1,
author="Silla, Carlos N.
and Koerich, Alessandro L.
and Kaestner, Celso A. A.",
title="A Machine Learning Approach to Automatic Music Genre Classification",
journal="Journal of the Brazilian Computer Society",
year="2008",
volume="14",
number="3",
pages="7--18",
issn="1678-4804",
doi="10.1007/BF03192561",
url="http://dx.doi.org/10.1007/BF03192561"
}

@INPROCEEDINGS{feature2,
    author = {Taemin Cho and Ron J. Weiss and Juan P. Bello},
    title = {Exploring common variations in state of the art chord recognition systems},
    booktitle = {In Proc. of the Sound and Music Computing Conf. (SMC},
    year = {2010}
}

@INPROCEEDINGS{featurelearn1,
    author = {Simon Lemieux and Yoshua Bengio and Douglas Eck and Université De Montréal},
    title = {Temporal pooling and multiscale learning for automatic annotation and ranking of music audio},
    booktitle = {In: Proc. 12th International Society for Music Information Retrieval Conference},
    year = {2011}
}

@inproceedings{TransferLearning,
  author       = {van den Oord, A{\"a}ron and Dieleman, Sander and Schrauwen, Benjamin},
  booktitle    = {Conference of the International Society for Music Information Retrieval, Proceedings},
  language     = {eng},
  location     = {Taipei},
  pages        = {6},
  title        = {Transfer learning by supervised pre-training for audio-based music classification},
  year         = {2014},
}
@INPROCEEDINGS{EndToEnd, 
author={S. Dieleman and B. Schrauwen}, 
booktitle={2014 IEEE International Conference on Acoustics, Speech and Signal Processing (ICASSP)}, 
title={End-to-end learning for music audio}, 
year={2014}, 
pages={6964-6968},  
doi={10.1109/ICASSP.2014.6854950}, 
ISSN={1520-6149}, 
month={May},}

@INPROCEEDINGS{MusicMotive, 
author={J. Pons and T. Lidy and X. Serra}, 
booktitle={2016 14th International Workshop on Content-Based Multimedia Indexing (CBMI)}, 
title={Experimenting with musically motivated convolutional neural networks}, 
year={2016}, 
pages={1-6},  
doi={10.1109/CBMI.2016.7500246}, 
month={June},}